@TechReport{dft:2008,
  author = 	 {{UK Department for Transport}},
  title = 	 {{Investigation into the scope for the transport sector to switch to electric vehicles and plug-in hybrid vehicles}},
  year = 	 {2008},
  month = 	 {October}
}

@TechReport{postevs:2010,
  author = 	 {{UK Parliamentary Office of Science and Technology}},
  title = 	 {{Electric Vehicles}},
  number = 	 {Report 365},
  year = 	 {2010},
  month = 	 {October}
}

@TechReport{oflev:2011,
  author = 	 {{Office for Low Emission Vehicles}},
  title = 	 {{Making the connection: the plug-in vehicle infrastructure strategy}},
  institution =  {{UK Government}},
  year = 	 {2011},
  month = 	 {June}
}

@Book{lumsden:2012,
  author = 	 {Matthew Lumsden},
  title = 	 {{Successfully Implementing a Plug-in Electric Vehicle Infrastructure}},
  publisher = 	 {{IET Press}},
  year = 	 {2012}
}

@TechReport{fleets:2012,
  author = 	 {{Transport for London} and {The Climate Group} and {Cenex} and {Energy Saving Trust} and {TNT}},
  title = 	 {{Plugged-in Fleets: A guide to deploying electric vehicles in fleets}},
  year = 	 {2012},
  month = 	 {February}
}

@TechReport{tfl:2009,
  author = 	 {{Transport for London}},
  title = 	 {{Hybrid buses}},
  year = 	 {2009},
  month = 	 {September}
}

@Misc{bbcnews:2014,
  author = 	 {{BBC News}},
  title = 	 {{Wirelessly charged electric buses set for Milton Keynes}},
  howpublished = {\url{http://m.bbc.co.uk/news/technology-25621426}},
  month = 	 {January},
  year = 	 {2014}
}

@Misc{elecgen:2013,
  author = 	 {{The Electric Generation}},
  title = 	 {{The Future of EV Charging: Itâ€™s about Standardization}},
  howpublished = {\url{http://theelectricgeneration.org/news_articles/the-future-of-ev-charging-its-about-standardization}},
  month = 	 {May},
  year = 	 {2013}
}

@Unpublished{buscher:2014,
  author = 	 {Volker Buscher},
  note =         {{Director -- Arup, Interview}},
  month = 	 {February},
  year = 	 {2014}
}

@Book{komninos:2002,
  author = 	 {Nicos Komninos},
  title = 	 {{Intelligent Cities: Innovation, Knowledge Systems and Digital Spaces}},
  publisher = 	 {Routledge},
  year = 	 {2002}
}

@TechReport{arup-et-al:2011,
  author = 	 {{Arup, The Climate Group, Accenture and Horizon, University of Nottingham}},
  title = 	 {{Information Marketplaces: The New Economics of Cities}},
  year = 	 {2011},
  month = 	 {November}
}

@Article{batty-et-al:2012,
  author = 	 {M. Batty and K.W. Axhausen and F. Giannotti and A. Pozdnoukhov and A. Bazzani and M. Wachowicz and G. Ouzounis and Y. Portugali},
  title = 	 {{Smart cities of the future}},
  journal = 	 {{The European Physical Journal Special Topics}},
  year = 	 {2012},
  volume = 	 {214},
  number = 	 {1},
  pages = 	 {481--518}
}

@InProceedings{harrison+abbottdonnelly:2011,
  author = 	 {Colin Harrison and Ian {Abbott Donnelly}},
  title = 	 {{A Theory of Smart Cities}},
  booktitle = {{Proceedings of the 55th Annual Meeting of the International Society for the Systems Sciences (ISSS)}},
  pages = 	 {7-22},
  year = 	 {2011}
}

@TechReport{ciscoconcities:2010,
  author = 	 {Nicola Villa and Shane Mitchell},
  title = 	 {{Connecting Cities: Achieving Sustainability Through Innovation}},
  institution =  {{Cisco}},
  year = 	 {2010},
  month = 	 {October}
}

@TechReport{ibmsmartcities:2009,
  author = 	 {Susanne Dirks and Mary Keeling},
  title = 	 {{A vision of smarter cities: How cities can lead the way into a prosperous and sustainable future }},
  institution =  {{IBM}},
  year = 	 {2009},
  month = 	 {December}
}

@Article{hollands:2008,
  author = 	 {Robert G. Hollands},
  title = 	 {Will the real smart city please stand up? Intelligent, progressive or entrepreneurial?},
  journal = 	 {City},
  year = 	 {2008},
  volume = 	 {12},
  number = 	 {3},
  pages = 	 {303-320}
}

@Article{shapiro:2006,
  author = 	 {Jesse M. Shapiro},
  title = 	 {{Smart Cities: Quality of Life, Productivity, and the Growth Effects of Human Capital}},
  journal = 	 {{The Review of Economics and Statistics}},
  year = 	 {2006},
  volume = 	 {88},
  number = 	 {2},
  pages = 	 {324--335}
}

@InProceedings{tsoukalas:2008,
  author =       {L.H. Tsoukalas},
  title = 	 {{From smart grids to an energy internet: Assumptions, architectures and requirements}},
  year = 	 {2008},
  booktitle =    {{Proceedings of the 3rd International Conference on Electric Utility Deregulation and Restructuring and Power Technologies (DRPT)}},
  publisher =    {{IEEE Press}}
}

@INPROCEEDINGS{cosgrave-et-al:2014,
  author =       {Ellie Cosgrave and Theo Tryfonas and Tom Crick},
  title =        {{The Smart City from a Public Value Perspective}},
  booktitle =    {{2nd International Conference on ICT for Sustainability (ICT4S)}},
  year =         {2014}
}

@TechReport{lerner:2011,
  author = 	 {Wilhelm Lerner},
  title = 	 {{The Future of Urban Mobility: Towards networked, multimodal cities of 2050}},
  institution =  {Arthur D. Little Future Lab},
  year = 	 {2011}
}

@INPROCEEDINGS{cooper-et-al-sose:2015,
  author =       {Peter Cooper and Tom Crick and Theo Tryfonas},
  title =        {{Smart Data-Harnessing for Financial Value in Short-Term Hire Electric Car Schemes}},
  booktitle =    {{Proceedings of 10th IEEE System of Systems Engineering Conference (SoSE)}},
  year =         {2015},
  publisher =    {IEEE},
  pages=         {374-379}  
}

@Misc{parkhurst:2011,
  author = 	 {Graham Parkhurst},
  title = 	 {{Between Public and Private Transport: Collective Mobility Solutions as the Key to Increasing Sustainability}},
  howpublished = {{UWE FET Public Lecture Series}},
  month = 	 {October},
  year = 	 {2011}
}

@Article{black-et-al:2016,
  author = 	 {C. Black and G. Parkhurst and I. Shergold},
  title = 	 {{The EVIDENCE project: Origins, review findings and prospects for enhanced urban transport appraisal and evaluation in the future}},
  journal = 	 {{World Transport Policy \& Practice}},
  year = 	 {2016},
  volume = 	 {22},
  number = 	 {1-2},
  pages = 	 {6-11}
}

@TechReport{van-audenhove-et-al:2014,
  author = 	 {F-J. {Van Audenhove} and O. Korniichuk and L. Dauby and J. Pourbaix},
  title = 	 {{The Future of Urban Mobility 2.0: Imperatives to shape extended mobility ecosystems of tomorrow}},
  institution =  {Arthur D. Little Future Lab},
  year = 	 {2014}
}

@Article{paffumi-et-al:2015,
  author = 	 {Elena Paffumi and Michele {De Gennaro} and Giorgio Martini and Harald Scholz},
  title = 	 {{Assessment of the potential of electric vehicles and charging strategies to meet urban mobility requirements}},
  journal = 	 {{Transportmetrica A: Transport Science}},
  year = 	 {2015},
  volume = 	 {11},
  number = 	 {1},
  pages = 	 {22-60}
}

@Article{gnann-et-al:2015,
  author = 	 {Till Gnann and Patrick Pl\"{o}tz and Simon Funke and Martin Wietschel},
  title = 	 {{What is the market potential of plug-in electric vehicles as commercial passenger cars? A case study from Germany}},
  journal = 	 {{Transportation Research Part D: Transport and Environment}},
  year = 	 {2015},
  volume = 	 {37},
  pages = 	 {171-187},
}

@TechReport{tscatapult:2016,
  author = 	 {{Transport Systems Catapult}},
  title = 	 {{Mobility as a Service: Exploring the Opportunity for Mobility as a Service in the UK}},
  institution =  {{Transport Systems Catapult}},
  year = 	 {2016}
}

@Book{townsend:2013,
  author = 	 {Anthony M. Townsend},
  title = 	 {{Smart Cities: Big Data, Civic Hackers, and the Quest for a New Utopia}},
  publisher = 	 {{W. W. Norton \& Company}},
  year = 	 {2013}
}

@Misc{ibm:2014,
  author = 	 {{IBM}},
  title = 	 {{Smarter Cities}},
  howpublished = {\url{http://www.ibm.com/smarterplanet/nz/en/smarter_cities/ideas/}},
  year = 	 {2014},
  note = 	 {(retrieved 31 July 2016)}
}

@Article{kamargianni-et-al:2016,
  author = 	 {Maria Kamargianni and Weibo Li and Melinda Matyas and Andreas Sch\"{a}fer},
  title = 	 {{A Critical Review of New Mobility Services for Urban Transport}},
  journal = 	 {{Transportation Research Procedia}},
  year = 	 {2016},
  volume = 	 {14},
  pages = 	 {3294-3303}
}

@Misc{guardian:2014,
  author = 	 {{The Guardian}},
  title = 	 {{Electric `Boris cars' are coming to London -- how do they work in Paris?}},
  howpublished = {\url{https://www.theguardian.com/cities/2014/jul/09/electric-boris-car-source-london-how-work-paris-autolib}},
  year = 	 {2014},
  note = 	 {(retrieved 31 July 2016)}
}

@Misc{wec:2015,
  author = 	 {{World Energy Council}},
  title = 	 {{Energy Trilemma Index}},
  howpublished = {\url{https://www.worldenergy.org/data/trilemma-index/}},
  year = 	 {2015},
  note = 	 {(retrieved 31 July 2016)}
}

@Misc{musk:2016,
  author = 	 {Elon Musk},
  title = 	 {{Master Plan, Part Deux}},
  howpublished = {\url{https://www.tesla.com/en_GB/blog/master-plan-part-deux}},
  year = 	 {2016},
  note = 	 {(retrieved 31 July 2016)}
}

@InProceedings{akhavan-rezai-et-al:2015,
  author = 	 {E. Akhavan-Rezai and M. F. Shaaban and E. F. El-Saadany and F. Karray},
  title = 	 {{Demand responce through interactive incorporation of plug-in electric vehicles}},
  booktitle =    {{IEEE Power Energy Society General Meeting}},
  year = 	 {2015},
  pages = 	 {1-5}
}

@Article{bimber:1990,
  author = 	 {Bruce Bimber},
  title = 	 {{Karl Marx and the Three Faces of Technological Determinism}},
  journal = 	 {{Social Studies of Science}},
  year = 	 {1990},
  volume = 	 {20},
  number = 	 {2},
  pages = 	 {333-351}
}

@Article{enoch:2015,
  author = 	 {Marcus P. Enoch},
  title = 	 {{How a rapid modal convergence into a universal automated taxi service could be the future for local passenger transport}},
  journal = 	 {{Technology Analysis \& Strategic Management }},
  year = 	 {2015},
  volume = 	 {27},
  number = 	 {8},
  pages = 	 {910-924}
}

@Book{jenks+burgess:2011,
  editor = 	 {Mike Jenks and Rod Burgess},
  title = 	 {{Compact Cities: Sustainable Urban Forms for Developing Countries}},
  publisher = 	 {Routledge},
  year = 	 {2001}
}

@TechReport{decc:2014,
  author = 	 {{UK Department of Energy \& Climate Change}},
  title = 	 {{Smart Grid Forum's Smart Grid vision and routemap}},
  year = 	 {2014},
  month = 	 {February}
}

@Article{martin:2016,
  author = 	 {Chris J. Martin},
  title = 	 {{The sharing economy: A pathway to sustainability or a nightmarish form of neoliberal capitalism?}},
  journal = 	 {{Ecological Economics}},
  year = 	 {2016},
  volume = 	 {121},
  pages = 	 {149-159}
}

@Misc{ice:2015,
  author = 	 {{Institution of Civil Engineers}},
  title = 	 {{ICE debate on the role of engineers in resilience and climate change, London}},
  howpublished = {\url{https://www.ice.org.uk/eventarchive/the-role-of-engineers-in-resilience-climate-change}},
  month = 	 {November},
  year = 	 {2015}
}

